@inproceedings{Discharg,
        author={{Mentré, David and Marché, Claude and Filliâtre, Jean-Christophe and Asuka, Masashi}},
        title={{Discharging Proof Obligations from Atelier B Using Multiple Automated Provers}},
        year={{2012}},
        booktitle={{Abstract State Machines, Alloy, B, VDM, and Z}},
        volume={{7316}},
        publisher={{Springer Berlin Heidelberg}},
        pages={{238-251}}
}

@inproceedings{Kimmo,
  author = {{OBSW formal development in Event B}},
  note = {Online at http://deploy-eprints.ecs.soton.ac.uk/view/type/rodin=5Farchive.html}
}

@inproceedings{bepicolombo,
  author = {{Factsheet: BepiColombo. ESA Media Center, Space Science, 15.01.2008.}},
  note = {Online at http://www.esa.int/esaSC/SEMNEM3MDAF\_0\_spk.html}
}

@inproceedings{PUS,
  author = {{Space Engineering: Ground Systems and Operations � Telemetry and Telecommand Packet Utilization, ECSS-E-70-41A. ECSS Secretariat, 30.01.2003.}},
  note = {Online at http://www.ecss.nl/}
}

@inproceedings{rodin,
  author = {{Rigorous Open Development Environment for Complex Systems (RODIN)}},
  note = {IST FP6 STREP project, online at http://rodin.cs.ncl.ac.uk/}
}

@inproceedings{deploy,
  author = {{Industrial deployment of system engineering methods providing high dependability and productivity (DEPLOY)}},
  note = {IST FP7 project, online at http://www.deploy-project.eu/}
}

@inproceedings{D7,
  author = {{Rigorous Open Development Environment for Complex Systems (RODIN)}},
  note = {Deliverable D7, Event B Language, online at http://rodin.cs.ncl.ac.uk/}
}

@inproceedings{RodinPlatform,
  author = {{The RODIN platform}},
  note = {Online at http://rodin-b-sharp.sourceforge.net/}
}

@book{BBook,
  author = {J.-R. Abrial},
  title = {The B-Book},
  year = {1996},
  publisher = {Cambridge University Press}
}

@inproceedings{Abr96,
  author = {J.-R. Abrial},
  title = {{Extending B without Changing it}},
  year = {November 1996, Nantes, France},
  publisher = {\emph{Proceedings of 1st Conference on the B Method}, pp.169-191, Springer-Verlag}
}

@inproceedings{AbCaMe03,
  author = {J.-R. Abrial and D.Cansell and D. Mery},
  title = {{A mechanically proved
and Incremental development of IEEE 1394 Tree Identity Protocol}},
  year = {2003},
  publisher = {\emph{Formal Aspects of Computing}, Vol.14, pp.215-227}
}

@inproceedings{YaBu05,
  author = {D. Yadav and M. Butler},
  title = {{Application of Event B to Global
Causal Ordering for Fault Tolerant Transactions}},
  year = {July 2005},
  publisher = {In \emph{Proceedings of Workshop on Rigorous Engineering of Fault Tolerant Systems (REFT'2005)},
pp.93-102, Newcastle upon Tyne, UK}
}

@book{BMethod,
  author = {S. Schneider},
  title = {The B Method. An Introduction},
  year = {2001},
  publisher = {Palgrave}
}

@article{AtelierB,
  author = {Clearsy},
  title = {\emph{AtelierB: User and Reference Manuals}},
  note = {Available at http://www.atelierb.societe.com/index$\_$uk.html}
}

@inproceedings{EventB,
  author = {J.-R. Abrial and L. Mussat},
  title = {{Introducing Dynamic Constraints in B}},
  year = {April 1998},
  publisher = {Second International B Conference, LNCS 1393, Springer-Verlag}
}

@article{EventB2,
  author = {J.-R. Abrial},
  title = {{Event Driven Sequential Program Construction}},
  year = {2000},
  note = {Available at http://www.matisse.qinetiq.com}
}

@book{Dijkstra,
  author = {E.W. Dijkstra},
  title = {A Discipline of Programming},
  year = {1976},
  publisher = {Prentice-Hall International}
}

@inproceedings{MarinaPontus,
  author = {P. Bostr\"{o}m and M. Walden},
  title = {{An Extension of Event B for Developing Grid Systems}},
  year = {Guildford, UK, 2005},
  publisher = {In \emph{Proceedings of ZB 2005:Formal Specification and Development in Z and B, Lecture Notes in Computer Science}, Vol.3455, pp.142-161, Springer-Verlag}
}

@inproceedings{Facon,
  author = {P. Facon and R. Laleau and H. Nguyen and A. Mammar},
  title = {{Combining UML with the B Method for specification of database applications}},
  year = {1999},
  publisher = {Research report, CEDRIC laboratory, Paris}
}

@inproceedings{Behm,
  author    = {Patrick Behm and
               Paul Benoit and
               Alain Faivre and
               Jean-Marc Meynadier},
  title     = {{M{\'e}t{\'e}or: A Successful Application of B in a
               Large Project}},
  booktitle = {World Congress on Formal Methods},
  year      = {1999},
  pages     = {369-387},
  ee        = {http://dx.doi.org/10.1007/3-540-48119-2_22},
  crossref  = {DBLP:conf/fm/1999-1}
}

@proceedings{DBLP:conf/fm/1999-1,
  editor    = {Jeannette M. Wing and
               Jim Woodcock and
               Jim Davies},
  title     = {FM'99 - Formal Methods, World Congress on Formal Methods
               in the Development of Computing Systems, Toulouse, France,
               September 20-24, 1999, Proceedings, Volume I},
  booktitle = {World Congress on Formal Methods},
  publisher = {Springer},
  series    = {Lecture Notes in Computer Science},
  volume    = {1708},
  year      = {1999}
}



@inproceedings{ICFEM,
  author = {L. Laibinis and E. Troubitsyna and S. Lepp\"{a}nen and J. Lilius and Q.A. Malik},
  title = {{Formal Model-Driven Development of Communicating Systems}},
  year = {2006},
  publisher = {Proceedings of ICFEM'06, LNCS ????, Springer}
}

@inproceedings{Lano,
  author = {K. Lano and D. Clark and K. Androutsopoulos},
  title = {{UML to B: Formal Verification of Object-Oriented Models}},
  publisher = {In \emph{Proceedings of ICM, Lecture Notes in Computer Science}, Vol.2999, Springer}
}

@inproceedings{LeDang,
  author = {H. LeDang and J. Souquieres},
  title = {{Integrating UML and B specification techniques}},
  year = {2002},
  publisher = {In \emph{Proceedings of Ninth Asia-Pacific Software Engineering Conference (APSEC'02)}, p.495}
}


@inproceedings{Leppanen,
  author = {S. Lepp\"{a}nen and M. Turunen and I. Oliver},
  title = {{Application Driven Methodology for Development of Communicating Systems}},
  year = {Lille, France, 2004},
  publisher = {\emph{Forum on Specification and Design Languages}}
}

@book{UML,
  author = {J. Rumbaugh and I. Jakobson and G. Booch},
  title = {{The Unified Modelling Language Reference Manual}},
  year = {1998},
  publisher = {Addison-Wesley}
}

@inproceedings{U2B,
  author = {C. Snook and M. Butler},
  title = {{U2B - A tool for translating UML-B models into B}},
  year = {2004},
  publisher = {\emph{UML-B Specification for Proven Embedded System Design}, Springer}
}

@inproceedings{U2B2,
  author = {C. Snook and M. Walden},
  title = {{Use of U2B for Specifying B Action Systems}},
  year = {Grenoble, France, January 2002},
  publisher = {In \emph{Proceedings of International workshop on refinement of critical systems: methods, tools and experience (RCS'02)}}
}


@inproceedings{Treharne,
  author = {H. Treharne and S. Schneider and M. Bramble},
  title = {{Composing Specifications Using Communication}},
  year = {Turku, Finland, June 2003},
  publisher = {In \emph{Proceedings of ZB 2003: Formal Specification and Development in Z and B, Lecture Notes in Computer Science}, Vol.2651, Springer}
}

@inproceedings{MATISSE,
  author = {MATISSE},
  title = {\emph{Handbook for Correct System Construction}},
  note = {Available at http://www.esil.univ-mrs.fr/~spc/matisse/Handbook/}
}

@inproceedings{3GPP,
  author = {},
  title = {{3GPP. Technical specification 25.305: Stage 2 functional specification of UE positioning in UTRAN}},
  note = {Available at http://www.3gpp.org/ftp/Specs/html-info/25305.htm}
}

@inproceedings{3GPP2,
  author = {},
  title = {{3GPP. Technical specification 25.453: UTRAN Iupc interface positioning calculation application part (pcap) signalling}},
  note = {Available at http://www.3gpp.org/ftp/Specs/html-info/25453.htm}
}

@inproceedings{Rollbacks,
  author = {E.N. Elnozahy and L. Alvisi and Y. Wang and D.B. Johnson},
  title = {{A Survey of Rollback-Recovery Protocols in Message Passing Systems}},
  year = {2002},
  publisher = {\emph{ACM Computing Surveys}, Vol.34, No.3}
}

@inproceedings{Martin,
  author = {A. J. Martin},
  title = {{A General Proof Rule for Procedures in Predicate Transformer Semantics}},
  year = {1983},
  publisher = {\emph{Acta Informatica}, Vol.20, pp.301--313}
}

@inproceedings{GriesLevin,
  author = {D. Gries and G. Levin},
  title = {{Assignment and Procedure Call Proof Rules}},
  year = {1981},
  publisher = {\emph{ACM Transactions on Programming Language Systems}, Vol.2, pp.564--579}
}


@inproceedings{TR762,
author = {A. Iliasov and L. Laibinis and A. Romanovsky and E. Troubitsyna},
title = {{Rigorous Development of Fault Tolerant Agent Systems. TUCS Technical Report 762}},
year = {March 2006},
publisher = {Turku Centre for Computer Science}
}

@inproceedings{TR763,
author = {D. Ilic and E. Troubitsyna and L. Laibinis and C. Snook},
title = {{Formal Development of Mechanisms for Tolerating Transient Faults. TUCS Technical Report 763}},
year = {April 2006},
publisher = {Turku Centre for Computer Science}
}

@inproceedings{TR764,
author = {L. Laibinis and E. Troubitsyna and S. Lepp\"{a}nen and J. Lilius and Q.A. Malik},
title = {{Formal Service-Oriented Development of Fault Tolerant Communicating Systems. TUCS Technical Report 764}},
year = {April 2006},
publisher = {Turku Centre for Computer Science}
}

@inproceedings{ICFEM05,
  author = {L. Laibinis and E. Troubitsyna and S. Lepp\"{a}nen and J. Lilius and Qaisar Malik},
  title = {{Formal Model-Driven Development of Communicating Systems}},
  year = {November 2005},
  publisher = {Proceedings of 7th International Conference on Formal Engineering Methods (ICFEM'05), LNCS 3785, Springer}
}


@inproceedings{PRDC05,
  author = {D. Ilic and E. Troubitsyna},
  title = {{Formal Development of Software for Tolerating Transient Faults}},
  year = {2005},
  publisher = {Proceedings of the 11th IEEE Pacific Rim International Symposium
  on Dependable Computing (PRDC'05)}
}


@inproceedings{CMODE05,
  author = {S. Lepp\"{a}nen and D. Ilic and Q.A. Malik and T. Syst\"{a} and E. Troubitsyna},
  title = {{Specifying UML Profile for Distributed Communicating Systems and Communication Protocols}},
  year = {November 2005},
  publisher = {Proceedings of Workshop on Consistency in
Model Driven Engineering (C@MODE'05)}
}

@misc{DOW,
  title = {{Rigorous Open Development Environment for Complex Systems(RODIN), Description of Work}},
  note = {IST FP6 STREP project, online at http://rodin.cs.ncl.ac.uk/}
}

@misc{D8,
  title = {{Rigorous Open Development Environment for Complex Systems(RODIN), Deliverable D8, Initial Report on Case Study Development}},
  note = {online at http://rodin.cs.ncl.ac.uk/}
}

@misc{D11,
  title = {{Rigorous Open Development Environment for Complex Systems(RODIN), Deliverable D11,  Definition of Plug-in Tools}},
  note = {online at http://rodin.cs.ncl.ac.uk/}
}

@inproceedings{Superposition,
  author = {R. Back and K. Sere},
  title = {{Superposition refinement of reactive systems}},
  year = {1996},
  publisher = {\emph{Formal Aspects of Computing}, 8(3), pp.1-23}
}


@inproceedings{ActionSystems,
  author = {R. Back},
  title = {{Refinement calculus, Part II: Parallel and reactive programs}},
  year = {1990},
  publisher = {\emph{Stepwise Refinement of Distributed Systems, LNCS}, Vol.430, pp.67-93, Springer-Verlag}
}

@article{OffLiu-03,
  author = {J. Offutt and S. Liu and A. Abdurazik and P. Ammann},
  title = {{Generating Test Data from State Based Specifications}},
  year = {2003},
  publisher = {Software Testing, Verification and Reliability, John Wiley, 13: 25--53}
}

@article{ElfWhi-01,
  author = {I. El-Far and J. Whittaker},
  title = {{Model Based Software Testing}},
  year = {2001},
  publisher = {{\em Encyclopedia on Software
Engineering (Ed. J.J. Marciniak)}, John Wiley}
}

@inproceedings{REFTBook,
  author = {L. Laibinis and E. Troubitsyna and S. Lepp\"{a}nen and J.Lilius and Q. Malik},
  title = {{Formal Service-Oriented Development of Fault Tolerant Communicating Systems}},
  year = {2006},
  publisher = {\emph{Rigorous Development of Complex Fault-Tolerant Systems, Lecture Notes in Computer Science}, Vol.4157, chapter 14, pp.261-287, Springer-Verlag}
}

@inproceedings{Bdecomp,
  author = {M. Butler},
  title = {{Decomposition Structures for Event-B}},
  year = {2009},
  publisher = {\emph{Integrated Formal Methods}}
}

@inproceedings{Poppleton,
  author = {M. Poppleton},
  title = {{Decomposition Structures for Event-B}},
  year = {2008},
  publisher = {\emph{Proc. of ABZ2008: Int. Conference on ASM, B and Z, 16-18 September 2008, London}}
}

@inproceedings{Fitz,
  author = {J. Fitzgerald},
  title = {{Modularity in Model-oriented Formal Specifications and its Interaction with Formal Reasoning}},
  year = {1991},
  publisher = {University of Manchester},
  note={Ph.D. Thesis}
}

@inproceedings{AbadiLamport,
  author = {M. Abadi and L. Lamport},
  title = {{Composing Specifications}},
  year = {1993},
  publisher = {ACM Transactions on Programming Languages and Systems, Vol.15, No.1, pp.73--132}
}

@article{AbrialHallerstede07,
 author = {J.-R. Abrial and S. Hallerstede},
 title = {Refinement, Decomposition, and Instantiation of Discrete Models: Application to Event-B},
 journal = {Fundam. Inf.},
 volume = {77},
 number = {1-2},
 year = {2007},
 issn = {0169-2968},
 pages = {1--28},
 publisher = {IOS Press},
 address = {Amsterdam, The Netherlands}
 }

@inproceedings{ModularisationPlugin,
  author = {{RODIN modularisation plug-in}},
  note = {Documentation at http://wiki.event-b.org/index.php/Modularisation\_Plug-in}
}

@inproceedings{Lev97,
  author = {N. Leveson and  L. D. Pinnel and S. D. Sandys and S. Koga and J. D. Reese},
  title = {{Analyzing Software Specifications for Mode Confusion Potential}},
  year = {March 1997},
  publisher = {In Proceedings of Workshop on Human Error and System Development, C.W. Johnson, Editor, pg. 132-146, Glasgow, Scotland}
}

@inproceedings{Rub95,
  author = {B. Rubel},
  title = {{Patterns for Generating a Layered Architecture}},
  year = {1995},
  publisher = {In J.O. Coplien, D.C. Schmidt (Eds.), Pattern Languages of Program Design, Addison-Wesley}
}

@inproceedings{ABZpaper,
  author = {A. Iliasov and E. Troubitsyna and L. Laibinis and A. Romanovsky and K. Varpaaniemi and D. Ilic and T. Latvala},
  title = {{Supporting Reuse in Event B Development: Modularisation Approach}},
  publisher = {In \emph{Proceedings of Abstract State Machines, Alloy, B, and Z (ABZ 2010), Lecture Notes in Computer Science}, Vol.5977, pp. 174-188, Springer, 2010}
}

@inproceedings{SEFM2004,
  author = {L. Laibinis and E. Troubitsyna},
  title = {{Fault tolerance in a layered architecture: a general specification pattern in B}},
  publisher = {In \emph{Proceedings of the Second International Conference on Software Engineering and Formal Methods (SEFM 2004), Beijing, China}, pp. 346-355, IEEE Press, 2004}
}

@inproceedings{aocs,
  author = {{DEPLOY Deliverable D20 -- Report on Pilot Deployment  in the Space Sector. FP7 ICT DEPLOY Project. January 2010}},
  note = {Online at http://www.deploy-project.eu/}
}

@inproceedings{IliasovDottiRibeiro09,
  author = {F. Dotti and A. Iliasov and L. Ribeiro and A. Romanovsky},
  title = {{Modal Systems: Specification, Refinement and Realisation}},
  year = {December 2009},
  publisher = {Conference on Formal Engineering Methods - ICFEM 09, Rio de Janeiro, Brazil, Lecture Notes in Computer Science, Vol. 5885, Springer}
}

@inproceedings{NASA,
  author = {R. W. Butler},
  title = {{An introduction to requirements capture using PVS: Specification of a simple autopilot}},
  year = {May 1996},
  publisher = {Technical report, NASA TM-110255}
}

@inproceedings{Lev96,
  author = {M. Heimdahl and N. Leveson},
  title = {{Completeness and Consistency in Hierarchical State-Based Requirements}},
  year = {June 1996},
  publisher = {IEEE Transactions on Software Engineering, Vol.22, No.6, pp. 363-377}
}

@inproceedings{EDCC10,
  author = {L. Laibinis and E. Troubitsyna and A. Iliasov and A. Romanovsky},
  title = {{System Architecture, Dependability and Modes}},
  year = {2010},
  publisher = {Proceedings of Eighth European Dependable Computing Conference (EDCC 2010), Fast Abstracts}
}

@inproceedings{AOCS-B,
  author = {A. Iliasov and L. Laibinis and E. Troubitsyna },
  title = {{An Event-B model of the Attitude and Orbit Control System}},
  year = {2010},
  note = {DEPLOY publication repository: http://deploy-eprints.ecs.soton.ac.uk/}
}

@inproceedings{Buth04,
 author    = {B. Buth},
 title     = {Analysing Mode Confusion: An Approach Using FDR2},
 booktitle = {Proceedings of SAFECOMP},
 year      = {2004},
 pages     = {101-114},
 publisher = {Springer, Lecture Notes in Computer Science, Vol. 3219}
}

@inproceedings{Rushby02,
 author    = {J. Rushby},
 title     = {Using model checking to help discover mode confusion and other automation suprises},
 booktitle = {Reliability Engineering and System Safety, Vol.75},
 year      = {2002},
 pages     = {167-177}
}

@inproceedings{JMH03,
 author =   {A. Joshi and S. P. Miller and M. P. Heimdahl},
 title =    {Mode Confusion Analysis of a Flight Guidance System using Formal Methods},
 booktitle =    {22nd IEEE Digital Avionics Systems Conference (DASC'2003), Indianapolis, USA},
 month = {October},
 year =     {2003}
 }

@inproceedings{Serene10,
 author =   {I. Lopatkin and A. Iliasov and A. Romanovsky},
 title =    {On Fault Tolerance Reuse during Refinement},
 booktitle =   {Proc. of 2nd International Workshop on Software Engineering for Resilient Systems},
 month = {April},
 year =     {2010}
 }

@inproceedings{Rugina09,
 author =   {A. E. Rugina and J. P. Blanquart and R. Soumagne},
 title =    {Validating Failure Detection Isolation and Recovery Strategies using Timed Automata},
 booktitle =   {Proc. of 12th European Workshop on Dependable Computing, EWDC 2009, Toulouse},
 year =     {2009}
 }

 @inproceedings{Kimmo-AOCS,
  author = {K. Varpaaniemi},
  title = {{Event-B Project DepSatSpec015Model000}},
  year = {January 2010},
  note = {DEPLOY publication repository: http://deploy-eprints.ecs.soton.ac.uk/168}
}

@inproceedings{ECSS-E-ST,
  author = {},
  title = {{European Cooperation for Space Standardization, Software general requirements  ECSS-E-ST-40C}},
  year = {2009}
}

@inproceedings{TR971,
author = {A. Iliasov and E. Troubitsyna and L. Laibinis and A. Romanovsky and K. Varpaaniemi and P. V\"{a}is\"{a}nen and D. Ilic and T. Latvala},
title = {{Verifying Mode Consistency for On-Board Satellite Software. TUCS Technical Report 971}},
year = {April 2010},
publisher = {Turku Centre for Computer Science}
}

@inproceedings{Safecomp_paper,
 author = {A. Iliasov and E. Troubitsyna and L. Laibinis and A. Romanovsky and K. Varpaaniemi and P. V\"{a}is\"{a}nen and D. Ilic and T. Latvala},
 title = {{Verifying Mode Consistency for On-Board Satellite Software}},
 publisher = {In \emph{SAFECOMP 2010, The 29th International Conference on Computer Safety, Reliability and Security, September 2010, Vienna, Austria}, Lecture Notes for Computer Science, Springer, 2010}
}

@book{EventBBook,
  author = {J.-R. Abrial},
  title = {Modelling in Event-B},
  year = {2010},
  publisher = {Cambridge University Press}

}

@inproceedings{MODECHART,
 author = {F.Jahanian and A.Mok},
 title = {{Modechart: A Specification Language for Real-Time Systems}},
 publisher = {\emph{IEEE Transactions on Sofware Engineering}, 20, pp. 933-947, 1994}
}

@inproceedings{Giotto,
 author = {T. Brown and A. Pasetti and W. Pree and T.A. Henzinger and C.M. Kirsch},
 title = {{A Reusable and Platform-Independent Framework for Distributed Control Systems}},
 booktitle =   {Proceedings of the 20th Digital Avionics Systems Conference, Vol.2,  pp. 6A1/1 - 6A1/11},
 year =     {2001},
  publisher = {IEEE}
 }

@INPROCEEDINGS{Hirsch06modesfor,
    author = {D. Hirsch, J. Kramer, J. Magee and S. Uchitel},
    title = {Modes for software architectures},
    booktitle = {LNCS 4344},
    year = {2006},
    pages = {113--126},
    publisher = {Springer}
}

@INPROCEEDINGS{KoPlSe,
    author = {J.Kofron, F. Plasil and O. Sery},
    title = {Modes in component behavior specification via EBP and their application in product lines},
    booktitle = {\emph{Information and Software Technology 51/1}},
    year = {2009},
    pages = {31-41},
    publisher = {Elsevier}
}

@InProceedings{Modes-ESOP98,
author={F. Maraninchi and Y. R\'{e}mond},
title={Mode-Automata: About Modes and States for Reactive Systems},
booktitle={European  Symposium On Programming},
publisher = {Springer verlag},
year={1998}
}

@article{Garcia-Molina82,
 author = {H. Garcia-Molina},
 title = {{Elections in distributed computing systems}},
 journal = {IEEE Transactions on Computers},
 volume = {31},
 number = {1},
 year = {1982},
 publisher = {IEEE}
 }


@article{FlowModel,
  author = {Flow Models of stack and NFS},
  title = {{Event B/Flow specification}},
  year = {2011},
  note = {Available at http://iliasov.org/usecase/nfs.zip}
}

@article{FlowPlugin,
  author = {Flow Plugin},
  title = {{Event-B wiki page}},
  year = {2011},
  note = {Available at http://wiki.event-b.org/index.php/Flows}
}

@article{NFSv4,
  author = {NFSv4 web page},
  title = {{Network File System Version 4
  }},
  year = {2011},
  note = {Available at http://datatracker.ietf.org/wg/nfsv4/}
}



@inproceedings{liveness,
 author = {J.-R. Abrial and L. Mussat},
 title = {{Introducing Dynamic Constraints in B}},
 booktitle = {{Proceedings of the Second International B Conference on Recent Advances in the Development and Use of the B Method}},
 year = {1998},
 pages = {83--128},
 publisher = {Springer-Verlag},
 address = {London, UK},
} 

@inproceedings{req1,
 author = {Victor M. Mendoza-Grado}, 
 title = {{Formal Verification of Use Cases}}, 
 booktitle = {{Requirements Engineering: Use Cases and More}},
 year = {1995}
}

@TECHREPORT{req2,
    author = {Russell R. Hurlbut},
    title = {A Survey of Approaches For Describing and Formalizing Use Cases},
    institution = {Expertech, Ltd.},
    year = {1997}
}


@inproceedings{butler05,
    author 	= {M.Butler and M.Leuschel},
     title   	= {{Combining CSP and B for Specification and Property Verification}},
     journal = {Formal Methods 2005, J.Fitzgerald et al., LNCS 3582},
     year 	= {2005},
    pages	= {221-236}
}




@inproceedings{fdr,
	crossref={647981},
    author = "Clemens Fischer and Heike Wehrheim",
    title = "{Model-Checking {CSP}-{OZ} Specifications with {FDR}}",
    pages = "315-334",
    year = "1999",
}

@proceedings{647981,
 editor = {Keijiro Araki and Andy Galloway and Kenji Taguchi},
 booktitle = {IFM '99: Proceedings of the 1st International Conference on Integrated Formal Methods},
 year = {1999},
 isbn = {1-85233-107-0},
 publisher = {Springer-Verlag},
 address = {London, UK},
 }

@inproceedings{Circus,
 author = {Woodcock, Jim and Cavalcanti, Ana},
 title = {{The Semantics of Circus}},
 booktitle = {ZB '02: Proceedings of the 2nd International Conference of B and Z Users on Formal Specification and Development in Z and B},
 year = {2002},
 pages = {184--203},
 publisher = {Springer-Verlag},
 address = {London, UK},
 }
 
 
 @article{BModels,
   author = {Event-B.org},
   title = {{Event-B model repository}},
   year = {2011},
   note = {Available at http://deploy-eprints.ecs.soton.ac.uk/view/type/rodin=5Farchive.html}
 }

@inproceedings{ProB,
          volume = {2805},
          author = {M. Leuschel and M. Butler},
       booktitle = {Formal Methods Europe 2003},
          editor = {Araki Keijiro and Stefania Gnesi and Mandrio Dino},
           title = {{ProB: A Model Checker for B}},
       publisher = {Springer-Verlag, LNCS},
           pages = {855--874},
            year = {2003}
}

@inproceedings{FerrariMGF10,
  author = {Ferrari, Alessio and Magnani, Gianluca and Grasso, Daniele and Fantechi, Alessandro},
  booktitle = {FORMS/FORMAT},
  editor = {Schnieder, Eckehard and Tarnai, Géza},
  isbn = {978-3-642-14260-4},
  pages = {107-115},
  publisher = {Springer},
  title = {Model Checking Interlocking Control Tables.},
  year = 2010
}

@article{LeFaFrPl2011,
  author     = {Michael Leuschel and Jérôme Falampin and Fabian Fritz and Daniel
    Plagge},
  title      = {Automated Property Verification for Large Scale {B} Models with {ProB}},
  journal    = {Formal Aspects of Computing},
  volume     = {23},
  number     = {6},
  year       = {2011},
  pages      = {683--709}
}


@inproceedings{EssameD07,
  author = {Essam\'{e}, Didier and Doll\'{e}, Daniel},
  booktitle = {B},
  date = {2006-12-13},
  editor = {Julliand, Jacques and Kouchnarenko, Olga},
  isbn = {3-540-68760-2},
  pages = {252-254},
  publisher = {Springer},
  series = {Lecture Notes in Computer Science},
  title = {{B in Large-Scale Projects: The Canarsie Line CBTC Experience.}},
  volume = 4355,
  year = 2007
}


 @article{SCPlatform,
   author = {{SafeCap~Project}},
   title = {{SafeCap Platfrom website}},
   year = {2013},
   note = {Available at http://safecap.sf.net}
 }

 @article{RTS,
   author = {{TSLG}},
   title = {{The Rail Technical Strategy (RTS)}},
   year = {2012},
   note = {Available at http://www.futurerailway.org/RTS/Pages/Intro.aspx}
 }

 
@article{SCTR, 
author =  {A. Iliasov and A. Romanovsky},
title =  {{SafeCap domain language for reasoning about safety and capacity. Pacific-Rim Dependable Computing Conference (PRDC 2012). Niigata, Japan. IEEE CS}},
year = {2012},
month = {November},
}

 
@article{Safecap,
   author = {{SafeCap Project}},
    title = {{Project website}},
    year = {2012},
    note = {Available at http://safecap.cs.ncl.ac.uk}
}
  
@article{Bjorner95,
    author = {Dines Bj\o{}rner and Chris George and S\o{}ren Prehn},
    title = {Scheduling and Rescheduling of Trains},
    year = {1995}
}  

@article{Bjorner00,
    author       = {Dines Bj\o{}rner},
    title        = {{Formal Software Techniques in Railway Systems.}},
    year         = {2000},
    pages        = {1-12},
    booktitle    = {Proc. 9th {IFAC} Symposium on Control in Transportation Systems, Braunschweig, Germany, June 2000},
}

@inproceedings{Behm99,
 author = {Behm, Patrick and Benoit, Paul and Faivre, Alain and Meynadier, Jean-Marc},
 title = {{M\'{e}t\'{e}or: A Successful Application of B in a Large Project}},
 booktitle = {Proceedings of the Wold Congress on Formal Methods in the Development of Computing Systems-Volume I - Volume I},
 series = {FM '99},
 year = {1999},
 pages = {369--387},
 numpages = {19},
 publisher = {Springer-Verlag},
 address = {London, UK, UK},
} 


@inproceedings{railB1,
  author    = {Jean-Raymond Abrial},
  title     = {Train Systems},
  booktitle = {RODIN Book},
  year      = {2006},
  pages     = {1-36},
  crossref  = {DBLP:conf/rodin/2006},
}
@proceedings{DBLP:conf/rodin/2006,
  editor    = {Michael J. Butler and
               Cliff B. Jones and
               Alexander Romanovsky and
               Elena Troubitsyna},
  title     = {Rigorous Development of Complex Fault-Tolerant Systems [FP6
               IST-511599 RODIN project]},
  booktitle = {RODIN Book},
  publisher = {Springer},
  series    = {Lecture Notes in Computer Science},
  volume    = {4157},
  year      = {2006},
  isbn      = {3-540-48265-2},
}


@inproceedings{Epsilon,
  author    = {Dimitrios S. Kolovos and
               Richard F. Paige and
               Fiona Polack},
  title     = {The Epsilon Transformation Language},
  booktitle = {ICMT},
  year      = {2008},
  pages     = {46-60},
  crossref  = {DBLP:conf/icmt/2008},
}
@proceedings{DBLP:conf/icmt/2008,
  editor    = {Antonio Vallecillo and
               Jeff Gray and
               Alfonso Pierantonio},
  title     = {Theory and Practice of Model Transformations, First International
               Conference, ICMT 2008, Z{\"u}rich, Switzerland, July 1-2,
               2008, Proceedings},
  booktitle = {ICMT},
  publisher = {Springer},
  series    = {Lecture Notes in Computer Science},
  volume    = {5063},
  year      = {2008},
}

@article{RailSys,
   author = {{RailSys simulation platform}},
    title = {{website}},
    note = {Available at http://http://www.rmcon.de}
}

@article{GKRT0202,
   author = {{Railway Group Standards}},
    title = {{Signalling Design: Control Tables}},
    note = {Available at http://www.rgsonline.co.uk/}
}
  
@article{Fokkink,
	author = {{W.J. Fokkink and P.R. Hollingshead}},
	title = {{Verification of Interlockings: from Control Tables to Ladder Logic
Diagrams. In Proceedings of 3rd Workshop on Formal Methods for Industrial Critical Systems (FMICS'98)}},
	year = 1998
}

@article{UIC406,
   author = {{UIC}},
    title = {{UIC Kodex 406: Capacity Calculation Method}}
}
  

@article{OpenTrack,
   author = {{OpenTrack simulator}},
    title = {{website}},
    note = {Available at http://www.opentrack.ch/}
}

@PhdThesis{railCPN,
author = {{C. W. Janczura}},
title = {{Modelling and Analysis of Railway Network Control Logic using Coloured Petri Nets}},
school = {{School of Mathematics and Institute for Telecommunications Research, University of South
Australia}},
year = {1998}
}

@article{WinterCSP,
	author = {{K. Winter}},
	title = {{Model Checking Railway Interlocking Systems. In Proceeding of the 25th Australian Computer
	Science Conference (ACSC 2002). 2002}}
}

@article{WinterASM,
	author = {{K. Winter and N. Robinson}},
	title = {{Modelling Large Railway Interlockings and Model Checking Small Ones. In Proceeding of the Australian Cumputer Science Conference (ACSC 2003). 2003}},
}

@article{railMaude,
  author    = {Anders Moen Hagalisletto and
               Joakim Bj{\o}rk and
               Ingrid Chieh Yu and
               P{\aa} Enger},
  title     = {{Constructing and Refining Large-Scale Railway Models Represented
               by Petri Nets}},
  journal   = {IEEE Transactions on Systems, Man, and Cybernetics, Part
               C},
  year      = {2007},
  pages     = {444-460}
}




@article{TPTP,
   author = {{TPTP}},
    title = {{Thousands of Problems for Theorem Provers}},
    note = {Available at www.tptp.org/}
}


@article{BART,
 author = {{L. Burdy}},
 title = {{Automatic Refinement. In Proceedings of BUGM at FM'99}},
 year = 1999
}

@inproceedings{boogie11why3,
  author = {Fran\c{c}ois Bobot and Jean-Christophe Filli\^atre and
Claude March\'e and Andrei Paskevich},
  title = {Why3: Shepherd Your Herd of Provers},
  topics = {team},
  booktitle = {Boogie 2011: First International Workshop on Intermediate Verification Languages},
  year = 2011,
  month = {August},
  pages = {53--64}
}

@INPROCEEDINGS{cloud,
author={Jadeja, Y. and Modi, K.},
booktitle={Computing, Electronics and Electrical Technologies (ICCEET), 2012 International Conference on},
title={Cloud computing - concepts, architecture and challenges},
year={2012},
month={March},
pages={877-880},
keywords={cloud computing;distributed processing;grid computing;parallel processing;software architecture;cloud computing;computer science;distributed computing;grid computing;internet;parallel computing;ubiquitous computing;Browsers;Communities;Computational modeling;History;Lead;Monitoring;Reliability;applications;architecture;business component of cloud computing;cloud computing;issues},
doi={10.1109/ICCEET.2012.6203873},}

@INPROCEEDINGS{nist_cloud,
author={Bohn, R.B. and Messina, J. and Fang Liu and Jin Tong and Jian Mao},
booktitle={Services (SERVICES), 2011 IEEE World Congress on},
title={NIST Cloud Computing Reference Architecture},
year={2011},
month={July},
pages={594-596},
keywords={cloud computing;service-oriented architecture;software development management;IT procurement officials;NIST cloud computing reference architecture;United States Government;cloud auditor;cloud broker;cloud carrier;cloud service consumer;cloud service provider;federal IT executives;program managers;vendor neutral conceptual model;Cloud computing;Computational modeling;Computer architecture;NIST;Security;Service oriented architecture},
doi={10.1109/SERVICES.2011.105},}