@inproceedings{First,
  author =	 "Red, J. and Green, J.",
  title =	 "Some Paper",
  booktitle =	 "J. Automatic Reasoning Workshop",
  year =	 2011,
  publisher= "ARW Press",
  pages =	 "6--21"
}

@inproceedings{Second,
  author =	 "White, J.",
  title =	 "A different paper",
  booktitle =	 "Proc.~Conference'02",
  year =	 2002,
  publisher= "ARW Press",
  pages =	 "115--130"
}

@inproceedings{Third,
  author =	 "Brown, J. and Purple, J.",
  title =	 "Three citations should be enough",
  booktitle = "Proc.~Some Workshop'04",
  year =	 2004,
  publisher= "ARW Press",
  pages =	 "34--49"
}

@inproceedings{cloud,
	author="Jadeja, Y. and Modi, K.",
	booktitle="Computing, Electronics and Electrical Technologies (ICCEET), 2012 International Conference on",
	title="Cloud computing - concepts, architecture and challenges",
	year= 2012,
	month= "March",
	pages="877-880",
	keywords="cloud computing;distributed processing;grid computing;parallel processing;software architecture;cloud computing;computer science;distributed computing;grid computing;internet;parallel computing;ubiquitous computing;Browsers;Communities;Computational modeling;History;Lead;Monitoring;Reliability;applications;architecture;business component of cloud computing;cloud computing;issues",
	doi="10.1109/ICCEET.2012.6203873"
}